@ARTICLE{Moore1965
    , AUTHOR={{Gordon E. Moore}}
    , TITLE={{Cramming more components onto integrated circuits}}
    , JOURNAL={{Electronics}}
    , VOLUME={38}
    , ISSUE={8}
    , YEAR={1965}
}

@ARTICLE{Adleman1998
    , AUTHOR={{Leonard M. Adleman}}
    , TITLE={{Computing with DNA}}
    , JOURNAL={{Scientific American}}
    , PAGES={54-61}
    , YEAR={1998}
}

@INCOLLECTION{Vinter2001
    , AUTHOR    = {{Brian Vinter}}
    , EDITOR    = {{Tariq Andersen (Ph.D.-studerende), Jørgen Bansler (Professor),
                    Hasse Clausen (Lektor), Inge Hviid Jensen (Kommunikationsmedarbejder)
                    Martin Zachariasen (Institutleder).}}
    , TITLE     = {{Supercomputere - mange bække små}}
    , BOOKTITLE = {{Den Digitale Revolution - Fortællinger fra datalogiens verden}}
    , PAGES     = {22-33}
    , PUBLISHER = {{Datalogisk Institut - Københavns Universitet}}
    , YEAR      = {2001}
    , TYPE      = {Rapport}
}
